<record><leader>00000cas a22000007a 4500</leader><controlfield tag="001">11510700</controlfield><controlfield tag="008">841219d18671867caudr ne      0    0eng d</controlfield><datafield ind1=" " ind2=" " tag="010"><subfield code="a">sn 84035879 </subfield></datafield><datafield ind1=" " ind2=" " tag="040"><subfield code="a">NYG</subfield><subfield code="b">eng</subfield><subfield code="c">NYG</subfield><subfield code="d">CNK</subfield><subfield code="d">OCLCQ</subfield><subfield code="d">OCLCF</subfield><subfield code="d">OCLCO</subfield></datafield><datafield ind1="1" ind2=" " tag="029"><subfield code="a">AU@</subfield><subfield code="b">000020651988</subfield></datafield><datafield ind1=" " ind2=" " tag="042"><subfield code="a">msc</subfield></datafield><datafield ind1=" " ind2=" " tag="043"><subfield code="a">n-us-ca</subfield></datafield><datafield ind1="0" ind2=" " tag="130"><subfield code="a">Daily record (Sacramento, Calif.)</subfield></datafield><datafield ind1="1" ind2="4" tag="245"><subfield code="a">The Daily record.</subfield></datafield><datafield ind1=" " ind2=" " tag="260"><subfield code="a">Sacramento [Calif.] :</subfield><subfield code="b">An Association of Printers</subfield></datafield><datafield ind1=" " ind2=" " tag="300"><subfield code="a">v. :</subfield><subfield code="b">ill. ;</subfield><subfield code="c">52 cm.</subfield></datafield><datafield ind1=" " ind2=" " tag="310"><subfield code="a">Daily (except Sun.)</subfield></datafield><datafield ind1="1" ind2=" " tag="362"><subfield code="a">Began in 1867; ceased in 1867.</subfield></datafield><datafield ind1=" " ind2=" " tag="500"><subfield code="a">"Independent in all things -- neutral in nothing."</subfield></datafield><datafield ind1=" " ind2=" " tag="588"><subfield code="a">Description based on: Vol. 1, no. 59 (Apr. 18, 1867).</subfield></datafield><datafield ind1=" " ind2="0" tag="651"><subfield code="a">Sacramento (Calif.)</subfield><subfield code="v">Newspapers.</subfield></datafield><datafield ind1=" " ind2="7" tag="655"><subfield code="a">Newspapers.</subfield><subfield code="2">fast</subfield><subfield code="0">(OCoLC)fst01423814</subfield></datafield><datafield ind1=" " ind2="7" tag="651"><subfield code="a">California</subfield><subfield code="z">Sacramento.</subfield><subfield code="2">fast</subfield><subfield code="0">(OCoLC)fst01205542</subfield></datafield><datafield ind1=" " ind2=" " tag="752"><subfield code="a">United States</subfield><subfield code="b">California</subfield><subfield code="c">Sacramento</subfield><subfield code="d">Sacramento.</subfield></datafield><datafield ind1="0" ind2="0" tag="785"><subfield code="t">Sacramento daily record</subfield><subfield code="w">(DLC)sn 82006525</subfield></datafield></record>